@misc{scs2,
    note ="\url{https://rctom.hbs.org/submission/spacex-low-cost-access-to-space/}",
    year = "2015",
    Date-Added = {2017-11-12 13:43:29 +0000},
    Date-Modified = {2016-11-12 13:43:29 +0000},
    Lastchecked = {2017-11-12 13:43:29 +0000},
    title = "SpaceX – Low cost access to space"
}

@misc{scs3,
    note ="\url{https://rctom.hbs.org/submission/spacex-revolutionizing-space-travel/}",
    year = "2015",
    Date-Added = {2017-11-12 13:43:29 +0000},
    Date-Modified = {2016-11-12 13:43:29 +0000},
    Lastchecked = {2017-11-12 13:43:29 +0000},
    title = "SpaceX: Revolutionizing Space Travel"
}

@misc{scs4,
    note ="\url{https://rctom.hbs.org/submission/spacex-lowering-the-cost-of-access-to-space/}",
    year = "2015",
    Date-Added = {2017-11-12 13:43:29 +0000},
    Date-Modified = {2016-11-12 13:43:29 +0000},
    Lastchecked = {2017-11-12 13:43:29 +0000},
    title = "SpaceX – Lowering the Cost of Access to Space"
}

@misc{scs5,
    note ="\url{https://www.youtube.com/watch?v=ApvSHdZGnwU}",
    year = "2014",
    Date-Added = {2017-11-12 13:43:29 +0000},
    Date-Modified = {2016-11-12 13:43:29 +0000},
    Lastchecked = {2017-11-12 13:43:29 +0000},
    title = "Discussion with Gwynne Shotwell, President and COO, SpaceX"
}

@misc{scs6,
    note ="\url{https://www.youtube.com/watch?v=zqE-ultsWt0}",
    year = "2017",
    Date-Added = {2017-11-12 13:43:29 +0000},
    Date-Modified = {2016-11-12 13:43:29 +0000},
    Lastchecked = {2017-11-12 13:43:29 +0000},
    title = "BFR | Earth to Earth"
}

@misc{scs7,
    note ="\url{http://www.businessinsider.com/spacex-biggest-competitor-2015-4?IR=T}",
    year = "2015",
    Date-Added = {2017-11-12 13:43:29 +0000},
    Date-Modified = {2016-11-12 13:43:29 +0000},
    Lastchecked = {2017-11-12 13:43:29 +0000},
    title = "SpaceX's biggest competitor is a company you've never heard of"
}

@misc{scs9,
    note ="\url{https://space.stackexchange.com/questions/2015/what-is-the-current-cost-per-kg-to-send-something-into-gso-geo}",
    year = "2013",
    Date-Added = {2017-11-12 13:43:29 +0000},
    Date-Modified = {2016-11-12 13:43:29 +0000},
    Lastchecked = {2017-11-12 13:43:29 +0000},
    title = "What is the current cost per kg to send something into GSO/GEO?"
}

@misc{scs10,
    note ="\url{http://www.popularmechanics.com/space/rockets/a27290/one-chart-spacex-dominate-rocket-launches/}",
    year = "2017",
    Date-Added = {2017-11-12 13:43:29 +0000},
    Date-Modified = {2016-11-12 13:43:29 +0000},
    Lastchecked = {2017-11-12 13:43:29 +0000},
    title = "One Chart Shows How Much SpaceX Has Come to Dominate Rocket Launches"
}

@misc{scs14,
    note ="\url{http://www.thespacereview.com/article/2737/1}",
    year = "2015",
    Date-Added = {2017-11-12 13:43:29 +0000},
    Date-Modified = {2016-11-12 13:43:29 +0000},
    Lastchecked = {2017-11-12 13:43:29 +0000},
    title = "Battle of the Collossi: SLS vs Falcon Heavy"
}

@misc{scs15,
    note ="\url{http://spacenews.com/spacexs-reusable-falcon-9-what-are-the-real-cost-savings-for-customers/}",
    year = "2016",
    Date-Added = {2017-11-12 13:43:29 +0000},
    Date-Modified = {2016-11-12 13:43:29 +0000},
    Lastchecked = {2017-11-12 13:43:29 +0000},
    title = "SpaceX’s reusable Falcon 9: What are the real cost savings for customers?"
}

@misc{scs17,
    note ="\url{http://www.spacex.com/news/2017/03/30/worl}",
    year = "2017",
    Date-Added = {2017-11-12 13:43:29 +0000},
    Date-Modified = {2016-11-12 13:43:29 +0000},
    Lastchecked = {2017-11-12 13:43:29 +0000},
    title = "World's first reflight of an orbital class rocket"
}

@misc{scs19,
    note ="\url{http://www.spacex.com/dragon}",
    year = "2017",
    Date-Added = {2017-11-12 13:43:29 +0000},
    Date-Modified = {2016-11-12 13:43:29 +0000},
    Lastchecked = {2017-11-12 13:43:29 +0000},
    title = "Dragon capsule specifications",
    author = "SpaceX"
}

@misc{scs20,
    note ="\url{http://www.spacex.com/about/capabilities}",
    year = "2017",
    Date-Added = {2017-11-12 13:43:29 +0000},
    Date-Modified = {2016-11-12 13:43:29 +0000},
    Lastchecked = {2017-11-12 13:43:29 +0000},
    title = "SpaceX Capabilities and Services",
    author = "SpaceX"
}

@misc{scs21,
    note ="\url{http://docs.house.gov/billsthisweek/20161205/HR6416.pdf}",
    year = "2016",
    Date-Added = {2017-11-12 13:43:29 +0000},
    Date-Modified = {2016-11-12 13:43:29 +0000},
    Lastchecked = {2017-11-12 13:43:29 +0000},
    title = "Gwynne Shotwell Congress Hearing"
}

@misc{scs24,
    note ="\url{https://www.rocketbuilder.com/}",
    year = "2017",
    Date-Added = {2017-11-12 13:43:29 +0000},
    Date-Modified = {2016-11-12 13:43:29 +0000},
    Lastchecked = {2017-11-12 13:43:29 +0000},
    title = "United Launch Alliance Rocket Launcher Configurator"
}

@misc{scs26,
    note ="\url{http://www.americaspace.com/2016/06/13/a-review-of-spacexs-launch-manifest-history/}",
    year = "2016",
    Date-Added = {2017-11-12 13:43:29 +0000},
    Date-Modified = {2016-11-12 13:43:29 +0000},
    Lastchecked = {2017-11-12 13:43:29 +0000},
    title = "A Review of SpaceX's Launch Manifest History"
}

@misc{scs29,
    note ="\url{https://www.reddit.com/r/SpaceXLounge/comments/72nd25/a_realistic_ie_depressing_30year_spacex/}",
    year = "2017",
    Date-Added = {2017-11-12 13:43:29 +0000},
    Date-Modified = {2016-11-12 13:43:29 +0000},
    Lastchecked = {2017-11-12 13:43:29 +0000},
    title = "A realistic (i.e., depressing) 30-year SpaceX development timeline"
}

@misc{scs31,
    note ="\url{https://www.washingtonpost.com/news/the-switch/wp/2015/10/09/pentagon-denies-ula-waiver-on-russian-engines/?utm_term=.88b0c0966065}",
    year = "2015",
    Date-Added = {2017-11-12 13:43:29 +0000},
    Date-Modified = {2016-11-12 13:43:29 +0000},
    Lastchecked = {2017-11-12 13:43:29 +0000},
    title = "Pentagon denies ULA waiver on Russian engines"
}

@article{scs33,
    note ="\url{http://www.spacex.com/news/2013/09/24/production-spacex}",
    year = "2013",
    Date-Added = {2017-11-12 13:43:29 +0000},
    Date-Modified = {2016-11-12 13:43:29 +0000},
    Lastchecked = {2017-11-12 13:43:29 +0000},
    title ={Production at SpaceX},
    author = {SpaceX}
}


@misc{scs34,
    note ="\url{http://www.spacex.com/news/2013/03/31/reusability-key-making-human-life-multi-planetary}",
    year = "2013",
    Date-Added = {2017-11-12 13:43:29 +0000},
    Date-Modified = {2016-11-12 13:43:29 +0000},
    Lastchecked = {2017-11-12 13:43:29 +0000},
    title = "Reusability: The Key to Making Human Life Multi-Planetary"
}


@misc{scs35,
    note ="\url{http://phenomena.nationalgeographic.com/2016/04/08/spacex-rocket-makes-spectacular-landing-on-drone-ship/}",
    year = "2016",
    Date-Added = {2017-11-12 13:43:29 +0000},
    Date-Modified = {2016-11-12 13:43:29 +0000},
    Lastchecked = {2017-11-12 13:43:29 +0000},
    title = "SpaceX Rocket Makes Spectacular Landing on Drone Ship"
}

@misc{scs38,
    note ="\url{http://de.reuters.com/article/raumfahrt-airbus-safran-idDEKBN0ER12320140616}",
    year = "2014",
    Date-Added = {2017-11-12 13:43:29 +0000},
    Date-Modified = {2016-11-12 13:43:29 +0000},
    Lastchecked = {2017-11-12 13:43:29 +0000},
    title = "Airbus will mit Raumfahrt-Joint-Venture USA Stirn bieten"
}

@misc{scs40,
    note ="\url{http://www.businessinsider.com/airbus-and-safran-are-teaming-up-to-take-on-spacex-2014-6?IR=T}",
    year = "2014",
    Date-Added = {2017-11-12 13:43:29 +0000},
    Date-Modified = {2016-11-12 13:43:29 +0000},
    Lastchecked = {2017-11-12 13:43:29 +0000},
    title = "Airbus and Safran are teaming up to take on SpaceX"
}

@misc{scs41,
    note ="\url{http://spacenews.com/38331spacex-challenge-has-arianespace-rethinking-pricing-policies/}",
    year = "2013",
    Date-Added = {2017-11-12 13:43:29 +0000},
    Date-Modified = {2016-11-12 13:43:29 +0000},
    Lastchecked = {2017-11-12 13:43:29 +0000},
    title = "SpaceX Challenge Has Arianespace Rethinking Pricing Policies",
    author = "Peter B. de Selding"
}

@webpage{scs42,
    note ="\url{http://www.reuters.com/article/us-inmarsat-arianespace-spacex/inmarsat-switches-to-arianespace-for-satellite-launch-after-spacex-delays-idUSKBN13X1GH}",
    year = "2016",
    Date-Added = {2017-11-12 13:43:29 +0000},
    Date-Modified = {2016-11-12 13:43:29 +0000},
    Lastchecked = {2017-11-12 13:43:29 +0000},
    title = "Inmarsat switches to Arianespace for satellite launch after SpaceX delays",
    author = "Reuters"
}

@webpage{scs43,
    note ="\url{https://www.nytimes.com/2016/09/05/business/spacexs-explosion-reverberates-across-space-satellite-and-telecom-industries.html}",
    year = "2016",
    Date-Added = {2017-11-12 13:43:29 +0000},
    Date-Modified = {2016-11-12 13:43:29 +0000},
    Lastchecked = {2017-11-12 13:43:29 +0000},
    title = "SpaceX’s Explosion Reverberates Across Space, Satellite and Telecom Industries",
    author = "Steve Lohr"
}

@webpage{scs44,
    note ="\url{https://www.welt.de/wirtschaft/article151889723/Raketen-Wettbewerb-zeigt-gewaltigen-Umbruch-in-Raumfahrt.html}",
    year = "2016",
    Date-Added = {2017-11-12 13:43:29 +0000},
    Date-Modified = {2016-11-12 13:43:29 +0000},
    Lastchecked = {2017-11-12 13:43:29 +0000},
    title = "Raketen-Wettbewerb zeigt gewaltigen Umbruch in Raumfahrt",
    author = "Gerhard Hegmann"
}

@webpage{scs45,
    note ="\url{http://www.star-telegram.com/news/business/aviation/sky-talk-blog/article25185454.html}",
    year = "2015",
    Date-Added = {2017-11-12 13:43:29 +0000},
    Date-Modified = {2016-11-12 13:43:29 +0000},
    Lastchecked = {2017-11-12 13:43:29 +0000},
    title = "A {Q\&A} with Airbus CEO Tom Enders",
    author = "Andreas Ahles"
}

@webpage{scs46,
    note ="\url{http://www.ulalaunch.com/Products_Vulcan.aspx}",
    year = "2017",
    Date-Added = {2017-11-12 13:43:29 +0000},
    Date-Modified = {2016-11-12 13:43:29 +0000},
    Lastchecked = {2017-11-12 13:43:29 +0000},
    title = "Vulcan Centaur and Vulcan Aces",
    author = "United Launch Alliance"
}

@webpage{scs47,
    note ="\url{https://www.bizjournals.com/denver/blog/boosters_bits/2014/10/exclusive-ula-plans-a-new-rocket-restructuring-to.html}",
    year = "2014",
    Date-Added = {2017-11-12 13:43:29 +0000},
    Date-Modified = {2016-11-12 13:43:29 +0000},
    Lastchecked = {2017-11-12 13:43:29 +0000},
    title = "Exclusive: {ULA} plans new rocket, restructuring to cut launch costs in half",
    author = "Greg Avery"
}

@webpage{scs48,
    note ="\url{http://www.saffm.hq.af.mil/Portals/84/documents/Air%20Force%20Research,%20Development,%20Test%20and%20Evaluation%20Vol-II%20FY18.pdf?ver=2017-05-23-160041-060}",
    year = "2017",
    Date-Added = {2017-11-12 13:43:29 +0000},
    Date-Modified = {2016-11-12 13:43:29 +0000},
    Lastchecked = {2017-11-12 13:43:29 +0000},
    title = "Department of Defense (2017): Fiscal Year 2018 Budget Estimates. Air Force.",
    author = "United States Air Force"
}

@webpage{scs49,
    note ="\url{https://spaceflightnow.com/2015/04/14/ula-chief-explains-reusability-and-innovation-of-new-rocket/}",
    year = "2015",
    Date-Added = {2017-11-12 13:43:29 +0000},
    Date-Modified = {2016-11-12 13:43:29 +0000},
    Lastchecked = {2017-11-12 13:43:29 +0000},
    title = "ULA chief explains reusability and innovation of new rocket",
    author = "Justin Ray"
}

@webpage{scs50,
    note ="\url{https://www.reuters.com/article/us-space-airforce/united-launch-alliance-beats-spacex-to-win-air-force-launch-idUSKBN19L293}",
    year = "2017",
    Date-Added = {2017-11-12 13:43:29 +0000},
    Date-Modified = {2016-11-12 13:43:29 +0000},
    Lastchecked = {2017-11-12 13:43:29 +0000},
    title = "United Launch Alliance beats SpaceX to win Air Force launch",
    author = "Irene Klotz"
}

@webpage{scs51,
    note ="\url{http://spacenews.com/ils-unveils-two-proton-variants-sized-for-smaller-satellite/}",
    year = "2016",
    Date-Added = {2017-11-12 13:43:29 +0000},
    Date-Modified = {2016-11-12 13:43:29 +0000},
    Lastchecked = {2017-11-12 13:43:29 +0000},
    title = "ILS unveils two Proton variants sized for smaller satellites",
    author = "Brian Berger"
}

@webpage{scs53,
    note ="\url{https://www.space.com/18046-russia-reusable-rockets-2020.html}",
    year = "2012",
    Date-Added = {2017-11-12 13:43:29 +0000},
    Date-Modified = {2016-11-12 13:43:29 +0000},
    Lastchecked = {2017-11-12 13:43:29 +0000},
    title = "Russia Wants Reusable Rockets by 2020",
    author = "Rob Coppinger"
}

@webpage{scs55,
    note ="\url{https://www.popsci.com/chinas-hybrid-spaceplane-could-reset-21st-century-space-race}",
    year = "2016",
    Date-Added = {2017-11-12 13:43:29 +0000},
    Date-Modified = {2016-11-12 13:43:29 +0000},
    Lastchecked = {2017-11-12 13:43:29 +0000},
    title = "China's Hybrid Spaceplane Could Reset The 21st Century Space Race",
    author = "Jeffrey Lin"
}

@webpage{scs56,
    note ="\url{https://www.blueorigin.com/new-glenn}",
    year = "2017",
    Date-Added = {2017-11-12 13:43:29 +0000},
    Date-Modified = {2016-11-12 13:43:29 +0000},
    Lastchecked = {2017-11-12 13:43:29 +0000},
    title = "New Glenn Delivers",
    author = "Blue Origin"
}

@webpage{scs57,
    note ="\url{http://www.history.com/topics/space-race}",
    year = "2010",
    Date-Added = {2017-11-12 13:43:29 +0000},
    Date-Modified = {2016-11-12 13:43:29 +0000},
    Lastchecked = {2017-11-12 13:43:29 +0000},
    title = "The Space Race",
    author = "History.com Staff"
}

@webpage{scs58,
    note ="\url{http://old.dglr.de/fileadmin/inhalte/dglr/fb/s4/s4_1/06-Raumtransportsysteme-Kosten.pdf}",
    year = "2007",
    Date-Added = {2017-11-12 13:43:29 +0000},
    Date-Modified = {2016-11-12 13:43:29 +0000},
    Lastchecked = {2017-11-12 13:43:29 +0000},
    title = "Development and transportation costs of space launch systems",
    author = "D. E. Koelle"
}

@webpage{scs59,
    note ="\url{http://www.spacelaunchreport.com/log2012.html}",
    year = "2014",
    Date-Added = {2017-11-12 13:43:29 +0000},
    Date-Modified = {2016-11-12 13:43:29 +0000},
    Lastchecked = {2017-11-12 13:43:29 +0000},
    title = "2012 Space Launch Report",
    author = "spacelaunchreport.com"
}

@webpage{scs61,
    note ="\url{http://www.spacelaunchreport.com/log2014.html}",
    year = "2016",
    Date-Added = {2017-11-12 13:43:29 +0000},
    Date-Modified = {2016-11-12 13:43:29 +0000},
    Lastchecked = {2017-11-12 13:43:29 +0000},
    title = "2014 Space Launch Report",
    author = "spacelaunchreport.com"
}

@webpage{scs62,
    note ="\url{http://spacenews.com/39906former-arianespace-chief-says-spacex-has-advantage-on-cost/}",
    year = "2014",
    Date-Added = {2017-11-12 13:43:29 +0000},
    Date-Modified = {2016-11-12 13:43:29 +0000},
    Lastchecked = {2017-11-12 13:43:29 +0000},
    title = "Former Arianespace Chief Says SpaceX Has Advantage on Cost",
    author = "Peter de Selding"
}

@webpage{scs63,
    note ="\url{https://gbtimes.com/chinas-long-march-7-rocket-its-way-launch-site}",
    year = "2016",
    Date-Added = {2017-11-12 13:43:29 +0000},
    Date-Modified = {2016-11-12 13:43:29 +0000},
    Lastchecked = {2017-11-12 13:43:29 +0000},
    title = "China's Long March 7 rocket is on its way to launch site",
    author = "Andrew Jones"
}

@webpage{scs64,
    note ="\url{http://www.popularmechanics.com/space/rockets/a27290/one-chart-spacex-dominate-rocket-launches/}",
    year = "2017",
    Date-Added = {2017-11-12 13:43:29 +0000},
    Date-Modified = {2016-11-12 13:43:29 +0000},
    Lastchecked = {2017-11-12 13:43:29 +0000},
    title = "One Chart Shows How Much SpaceX Has Come to Dominate Rocket Launches",
    author = "Jay Bennett"
}

@webpage{scs68,
    note ="\url{http://www.spacelaunchreport.com/log2015.html}",
    year = "2016",
    Date-Added = {2017-11-12 13:43:29 +0000},
    Date-Modified = {2016-11-12 13:43:29 +0000},
    Lastchecked = {2017-11-12 13:43:29 +0000},
    title = "2015 Space Launch Report",
    author = "spacelaunchreport.com"
}

@webpage{scs69,
    note ="\url{http://www.spacelaunchreport.com/log2016.html}",
    year = "2017",
    Date-Added = {2017-11-12 13:43:29 +0000},
    Date-Modified = {2016-11-12 13:43:29 +0000},
    Lastchecked = {2017-11-12 13:43:29 +0000},
    title = "2016 Space Launch Report",
    author = "spacelaunchreport.com"
}

@webpage{scs70,
    note ="\url{https://spaceflightnow.com/2016/06/09/upgraded-proton-booster-adds-satellite-to-intelsats-fleet/}",
    year = "2016",
    Date-Added = {2017-11-12 13:43:29 +0000},
    Date-Modified = {2016-11-12 13:43:29 +0000},
    Lastchecked = {2017-11-12 13:43:29 +0000},
    title = "Upgraded Proton booster adds satellite to Intelsat’s fleet",
    author = "Stephen Clark"
}

@webpage{scs71,
    note ="\url{https://www.nasa.gov/exploration/systems/sls/sls1.html}",
    year = "2011",
    Date-Added = {2017-11-12 13:43:29 +0000},
    Date-Modified = {2016-11-12 13:43:29 +0000},
    Lastchecked = {2017-11-12 13:43:29 +0000},
    title = "NASA Announces Design for New Deep Space Exploration System",
    author = "Nasa"
}


@webpage{scs72,
    note ="\url{http://www.astronautix.com/c/costpriceanholedarnthing.html}",
    year = "2017",
    Date-Added = {2017-11-12 13:43:29 +0000},
    Date-Modified = {2016-11-12 13:43:29 +0000},
    Lastchecked = {2017-11-12 13:43:29 +0000},
    title = "",
    author = "Mark Wade"
}

@webpage{scs73,
    note ="\url{http://www.spaceflight101.net/soyuz-u.html}",
    year = "2017",
    Date-Added = {2017-11-12 13:43:29 +0000},
    Date-Modified = {2016-11-12 13:43:29 +0000},
    Lastchecked = {2017-11-12 13:43:29 +0000},
    title = "Soyuz U - Launch Vehicle",
    author = ""
}

@webpage{scs76,
    note ="\url{http://www.spacex.com/about}",
    year = "2017",
    Date-Added = {2017-11-12 13:43:29 +0000},
    Date-Modified = {2016-11-12 13:43:29 +0000},
    Lastchecked = {2017-11-12 13:43:29 +0000},
    title = "About SpaceX",
    author = "SpaceX"
}

@webpage{scs74,
    note ="\url{http://www.arianespace.com/vehicle/soyuz/}",
    year = "2017",
    Date-Added = {2017-11-12 13:43:29 +0000},
    Date-Modified = {2016-11-12 13:43:29 +0000},
    Lastchecked = {2017-11-12 13:43:29 +0000},
    title = "Soyuz Product Information",
    author = "Arianespace"
}

@webpage{scs75,
    note ="\url{https://www.fool.com/investing/2017/02/05/how-profitable-is-spacex-really.aspx}",
    year = "2017",
    Date-Added = {2017-11-12 13:43:29 +0000},
    Date-Modified = {2016-11-12 13:43:29 +0000},
    Lastchecked = {2017-11-12 13:43:29 +0000},
    title = "How Profitable is SpaceX, Really?",
    author = "Rich Smith"
}





((47))
((48))
((50))
((51))
((53))
((55))
((56))
((57))
((58))
((59))
((61))
((62))
((63))
((64))
((65))
((66))
((67))
((68))
((69))
((70))
((72))
((73))
((74))
